% This file was created with JabRef 2.5.
% Encoding: UTF-8

@article{whittaker,
    title={Improving performance of schemaless document storage in PostgreSQL using BSON},
    author={Whittaker, Geoffrey Litt Seth Thompson John},
    year={2013}
}

@article{strauch,
    title={NoSQL databases},
    author={Strauch, Christof and Sites, Ultra-Large Scale and Kriha, Walter},
    journal={Lecture Notes, Stuttgart Media University},
    year={2011}
}

@article{nasholm,
    title={Extracting Data from NoSQL Databases-A Step towards Interactive Visual Analysis of NoSQL Data},
    author={N{\"a}sholm, Petter},
    year={2012},
    publisher={Chalmers University of Technology}
}

@article{weber,
  title={Nosql databases},
  author={Weber, Silvan},
  journal={University of Applied Sciences HTW Chur, Switzerland},
  year={2010}
}

@article{heer,
  title={D$^3$ data-driven documents},
  author={Bostock, Michael and Ogievetsky, Vadim and Heer, Jeffrey},
  journal={IEEE transactions on visualization and computer graphics},
  volume={17},
  number={12},
  pages={2301--2309},
  year={2011},
  publisher={IEEE}
}

@article{genghini,
  title={Extens{\~a}o da plataforma de visualiza{\c{c}}{\~a}o INFOVIS incorporando recursos de interatividade},
  author={Genghini, Fernando},
  year={2011},
  publisher={Universidade Estadual Paulista (UNESP)}
}

@phdthesis{shimabukuro,
  title={Visualiza{\c{c}}{\~o}es temporais em uma plataforma de software extens{\'\i}vel e adapt{\'a}vel},
  author={Shimabukuro, Milton Hirokazu},
  year={2004},
  school={Instituto de Ci{\^e}ncias Matem{\'a}ticas e de Computa{\c{c}}{\~a}o}
}

@incollection{kei1995,
  title={Issues in visualizing large databases},
  author={Keim, Daniel A and Kriegel, Hans-Peter},
  booktitle={Visual Database Systems 3},
  pages={203--214},
  year={1995},
  publisher={Springer}
}

@article{fay1998,
  title={Mining databases: Towards algorithms for knowledge discovery},
  author={Fayyad, Usama M.},
  journal={IEEE Data Eng. Bull.},
  volume={21},
  number={1},
  pages={39--48},
  year={1998}
}

@inproceedings{fay1996,
  title={Knowledge discovery and data mining: towards a unifying framework.},
  author={Fayyad, Usama M and Piatetsky-Shapiro, Gregory and Smyth, Padhraic and others},
  booktitle={KDD},
  volume={96},
  pages={82--88},
  year={1996}
}

@article{chen1996,
  title={Data mining: an overview from a database perspective},
  author={Chen, Ming-Syan and Han, Jiawei and Yu, Philip S.},
  journal={IEEE Transactions on Knowledge and data Engineering},
  volume={8},
  number={6},
  pages={866--883},
  year={1996},
  publisher={IEEE}
}

@misc{nosql,
  author = {NoSQL archive},
  title = {NoSQL Databases},
  year = 2009,
  url = {http://nosql-database.org/},
  urldate = {2016-03-15}
}


@misc{postgresql,
  author = {PostgreSQL},
  title = {JSON Functions and Operators},
  year = 1996,
  url = {https://www.postgresql.org/docs/9.6/static/functions-json.html},
  urldate = {2016-02-10}
}


@misc{json,
  author = {Ecma International},
  title = {Introducting JSON},
  year = 2013,
  url = {http://www.json.org/},
  urldate = {2016-03-07}
}

