% This file was created with JabRef 2.9.2.
% Encoding: Cp1252

@ARTICLE{bassil,
  author = {BASSIL, Y.},
  title = {A Survey on Information Retrivial, Text Categorization, and Web Crawling},
  journal = {Journal of Computer Science and Research (JCSCR)},
  year = {2012},
  volume = {1},
  pages = {1-11},
  number = {6},
  timestamp = {2012.12}
}

@TECHREPORT{faloutsos,
  author = {FALOUTSOS, C.; OARD, D. W.},
  title = {A Survey on Information Retrivial and Filtering Methods},
  institution = {Departament of Computer Science and Eletrical Engeneering Department, University of Maryland, College Park},
  year = {1995}
}

@TECHREPORT{raghavan,
  author = {RAGHAVAN, P.},
  title = {Information Retrivial Algorithms: A Survey}
}

@BOOK{manning,
  title = {Introduction to Information Retrivial},
  year = {2008},
  author = {MANNING, C.D.; RAGHAVAN, P.; SCHÜTZE, H.}
}

@TECHREPORT{greengrass,
  author = {GREENGRASS, E.},
  title = {Information Retrivial: A Survey},
  year = {2000}
}

@BOOK{yates,
  title = {Modern Information Retrivial},
  publisher = {Addison Wesley},
  year = {1999},
  author = {YATES, R.B.; BERTHIER, R.N.},
  pages = {544},
  edition = {1},
  timestamp = {1999.05.15}
}

@TECHREPORT{ferneda,
  author = {FERNEDA, E.},
  title = {Recuperação de Informaçao: Análise  sobre a contribuiçao da Ciência da Computação para a Ciência da Informaçao},
  institution = {Universidade de São Paulo, SP},
  year = {2003}
}

@TECHREPORT{alencar,
  author = {ALENCAR, A.B.},
  title = {Visualização da evolução  temporal das coleções de artigos científicos},
  institution = {ICMC-USP, USP - São Carlos, SP},
  year = {2013}
}

@TECHREPORT{valdivia,
  author = {VALDIVIA, A.M.},
  title = {Mapeamento de dados multidimensionais usando árvores filogenéticas: foco em mapeamento de textos},
  institution = {ICMC-USP, USP - São Carlos, SP},
  year = {2007}
}

@TECHREPORT{salazar,
  author = {SALAZAR,F.A.},
  title = {Um estudo sobre o papel de medidas de similaridade em visualização de coleções de documentos},
  institution = {ICMC-USP, USP - São Carlos, SP},
  year = {2012}
}

@ARTICLE{paulovichetal,
  author = {PAULOVICH, F,P.; NONATO, L.G.; MINGHIM, R.; LEVKOWITZ, H.},
  title = {Least Square Projection: a fast high precision multidimensional projection technique and its application to document mapping},
  journal = {Visualization and Computer Graphics, IEEE Transactions},
  year = {2009},
  volume = {14},
  pages = {564-575},
  timestamp = {2009.03.20}
}

@ARTICLE{paulovichetal2,
  author = {MINGHIM, R.; PAULOVICH, F,P.; LOPES, A.A.},
  title = {Content-based Text Mapping using Multi-Dimensional Projections for Exploration of DOcument Collections},
  journal = {Visualization and Data Analysis 2006},
  year = {2006},
  timestamp = {2006.01.16}
}

@TECHREPORT{paulovichetal3,
  author = {PAULOVICH, F. V.},
  title = {Mapeamento de dados multi-dimensionais - integrando mineração e visualização},
  institution = {Instituto de Ciências Matemáticas e de Computação, Universidade de São Paulo, São Carlos - SP},
  year = {2008}
}

@TECHREPORT{platt,
  author = {PLATT, J.C.},
  title = {FastMap, MetricMap, and LandMark MDS are all Nyström Algorithms}
}

@TECHREPORT{faloutsose,
  author = {FALOUTSOS, C.; LIN,K.},
  title = {FastMap: A Fast Algorithm for Indexing, Data-Mining and Visualization of Tradicional and Mutimedia Datasets},
  institution = {Departament of Computer Science, University of Maryland, College Park}
}

@ARTICLE{paulovichetal3,
  author = {MINGHIM, R.; PAULOVICH, F,P.; OLIVEIRA, M.C.},
  title = {The Projection Explorer: A Flexible Tool for Projection-based Multidimensional Visualization},
  journal = {Computer Graphics and Image Processing, 2007. SIBGRAPI 2007. XX Brazilian Symposium},
  year = {2007},
  pages = {27-36}
}

@TECHREPORT{eler,
  author = {ELER, D.M.; MINGHIM, R.;},
  title = {Projeçao e Arranjo},
  institution = {ICMC-USP, USP - São Carlos, SP},
  year = {2007},
  timestamp = {2007.06.24}
}

@TECHREPORT{paulovichetal4,
  author = {MINGHIM, R.; PAULOVICH, F,P.; LOPES, A.A.},
  title = {Fast Content-based Visual Mapping for Interactive Exploration od Document Collections},
  institution = {ICMC-USP, USP - São Carlos, SP},
  year = {2005}
}

@TECHREPORT{Berkhin,
    author = {BERKHIN, P.},
    title = {Survey Of Clustering Data Mining Techniques},
    institution = {},
    year = {2002}
}

@article{Tejada,
 author = {TEJADA, E.; MINGHIM, R; NONATO, L.G.},
 title = {On improved projection techniques to support visual exploration of multidimensional data sets},
 journal = {Information Visualization},
 issue_date = {December 2003},
 volume = {2},
 number = {4},
 month = dec,
 year = {2003},
 issn = {1473-8716},
 pages = {218--231},
 numpages = {14},
 url = {http://dx.doi.org/10.1057/palgrave.ivs.9500054},
 doi = {10.1057/palgrave.ivs.9500054},
 acmid = {982447},
 publisher = {Palgrave Macmillan}
}

@book{Zhang,
 author = {ZHANG, J.},
 title = {Visualization for Information Retrieval (The Information Retrieval Series)},
 isbn = {3540751475, 9783540751472},
 edition = {1},
} 