
@article{whittaker,
	title={Improving performance of schemaless document storage in PostgreSQL using BSON},
	author={Whittaker, Geoffrey Litt Seth Thompson John},
	year={2013}
}

@article{strauch,
	title={NoSQL databases},
	author={Strauch, Christof and Sites, Ultra-Large Scale and Kriha, Walter},
	journal={Lecture Notes, Stuttgart Media University},
	year={2011}
}

@article{nasholm,
	title={Extracting Data from NoSQL Databases-A Step towards Interactive Visual Analysis of NoSQL Data},
	author={N{\"a}sholm, Petter},
	year={2012},
	publisher={Chalmers University of Technology}
}

@article{weber,
	title={Nosql databases},
	author={Weber, Silvan},
	journal={University of Applied Sciences HTW Chur, Switzerland},
	year={2010}
}

@article{heer,
	title={D$^3$ data-driven documents},
	author={Bostock, Michael and Ogievetsky, Vadim and Heer, Jeffrey},
	journal={IEEE transactions on visualization and computer graphics},
	volume={17},
	number={12},
	pages={2301--2309},
	year={2011},
	publisher={IEEE}
}

@mastersthesis{genghini,
	title={Extens{\~a}o da plataforma de visualiza{\c{c}}{\~a}o INFOVIS incorporando recursos de interatividade},
	author={Genghini, Fernando},
	year={2011},
	type = "{Trabalho de Conclusão de Curso}",
	address="{Campus de Presidente Prudente}",
	school={Universidade Estadual Paulista (UNESP)}
}

@phdthesis{shimabukuro,
	title={Visualiza{\c{c}}{\~o}es temporais em uma plataforma de software extens{\'\i}vel e adapt{\'a}vel},
	author={Shimabukuro, Milton Hirokazu},
	year={2004},
	address="{São Carlos}",
	school={Instituto de Ci{\^e}ncias Matem{\'a}ticas e de Computa{\c{c}}{\~a}o (ICMC-USP)}
}

@inproceedings{gri2001,
	title={High-dimensional visualizations},
	author={Grinstein, Georges and Trutschl, Marjan and Cvek, Urska},
	booktitle={Proceedings of the Visual Data Mining Workshop, KDD},
	year={2001},
	organization={Citeseer}
}

@phdthesis{hoff1977,
	title={Table visualizations: a formal model and its applications},
	author={Hoffman, Patrick E},
	year={1977},
	school={University of Massachusetts Lowell}
}

@inproceedings{war1994,
	title={Xmdvtool: Integrating multiple methods for visualizing multivariate data},
	author={Ward, Matthew O},
	booktitle={Proceedings of the Conference on Visualization'94},
	pages={326--333},
	year={1994},
	organization={IEEE Computer Society Press}
}

@inproceedings{ins1997,
	title={Multidimensional detective},
	author={Inselberg, Alfred},
	booktitle={Information Visualization, 1997. Proceedings., IEEE Symposium on},
	pages={100--107},
	year={1997},
	organization={IEEE}
}

@incollection{kei1995,
	title={Issues in visualizing large databases},
	author={Keim, Daniel A and Kriegel, Hans-Peter},
	booktitle={Visual Database Systems 3},
	pages={203--214},
	year={1995},
	publisher={Springer}
}

@article{kei1996,
	title={Visualization techniques for mining large databases: A comparison},
	author={Keim, Daniel A and Kriegel, H-P},
	journal={IEEE Transactions on knowledge and data engineering},
	volume={8},
	number={6},
	pages={923--938},
	year={1996},
	publisher={IEEE}
}

@article{kei2000,
	title={Designing pixel-oriented visualization techniques: Theory and applications},
	author={Keim, Daniel A},
	journal={IEEE Transactions on visualization and computer graphics},
	volume={6},
	number={1},
	pages={59--78},
	year={2000},
	publisher={IEEE}
}

@inproceedings{kei2001,
	title={Pixel bar charts: A new technique for visualizing large multi-attribute data sets without aggregation},
	author={Keim, Daniel A and Hao, Ming C and Ladisch, Julian and Hsu, Meichun and Dayal, Umeshwar},
	booktitle={IEEE Symposium on Information Visualization, 2001. INFOVIS 2001.},
	pages={113--120},
	year={2001}
}

@article{fay1998,
	title={Mining databases: Towards algorithms for knowledge discovery},
	author={Fayyad, Usama M.},
	journal={IEEE Data Eng. Bull.},
	volume={21},
	number={1},
	pages={39--48},
	year={1998}
}

@inproceedings{fay1996,
	title={Knowledge discovery and data mining: towards a unifying framework.},
	author={Fayyad, Usama M and Piatetsky-Shapiro, Gregory and Smyth, Padhraic and others},
	booktitle={KDD},
	volume={96},
	pages={82--88},
	year={1996}
}

@article{chen1996,
	title={Data mining: an overview from a database perspective},
	author={Chen, Ming-Syan and Han, Jiawei and Yu, Philip S.},
	journal={IEEE Transactions on Knowledge and data Engineering},
	volume={8},
	number={6},
	pages={866--883},
	year={1996},
	publisher={IEEE}
}

@article{rhyne2003,
	title={Does the difference between information and scientific visualization really matter?},
	author={Rhyne, Theresa-Marie},
	journal={IEEE Computer Graphics and Applications},
	volume={23},
	number={3},
	pages={6--8},
	year={2003},
	publisher={IEEE Computer Society Press}
}

@article{wong1999,
	title={Visual data mining},
	author={Wong, Pak Chung},
	journal={IEEE Computer Graphics and Applications},
	volume={19},
	number={5},
	pages={20--21},
	year={1999},
	publisher={IEEE}
}

@online{nosql,
	title = {NoSQL Databases},
	year = 2009,
	url = {http://nosql-database.org/},
	urldate = {2016-03-15},
	urlaccessdate = {2016-03-15}
}


@online{postgresql,
	author = {PostgreSQL},
	title = {JSON Functions and Operators},
	year = 1996,
	url = {https://www.postgresql.org/docs/9.6/static/functions-json.html},
	urldate = {2016-02-10}
	urlaccessdate = {2016-02-10}
}


@online{json,
	author = {Ecma International},
	title = {Introducting JSON},
	year = 2013,
	url = {http://www.json.org/},
	urldate = {2016-03-07}
	urlaccessdate = {2016-03-07}
}

@article{horizon,
	title={Time on the Horizon},
	author={Few, Stephen and Edge, Perceptual},
	journal={Perceptual Edge: Visual Business Intelligence Newsletter},
	pages={1--7},
	year={2008}
}

@book{ward2010interactive,
  title={Interactive data visualization: foundations, techniques, and applications},
  author={Ward, Matthew O and Grinstein, Georges and Keim, Daniel},
  year={2010},
  publisher={CRC Press}
}


@article{dias2013mineraccao,
  title={Minera{\c{c}}{\~a}o visual de imagens aliada a consultas pelos k-vizinhos diversos mais pr{\'o}ximos: flexibilizando e maximizando o entendimento de consultas por conte{\'u}do de imagens},
  author={Dias, Rafael Loosli and others},
  year={2013},
  publisher={Universidade Federal de S{\~a}o Carlos}
}

@mastersthesis{branco2003visualizacao,
	title={Visualiza{\c{c}}{\~a}o como suporte {\`a} explora{\c{c}}{\~a}o de uma base de dados pluviom{\'e}tricos},
	author={Branco, Vinicius Marques Alves},
	year={2003},
	school={Universidade de S{\~a}o Paulo}
}
@article{romero2015herramienta,
	title={Herramienta en ambiente web para la visualizaci{\'o}n de las corrientes de viento en Costa Rica},
	author={Romero-L{\'e}piz, Johnny Arturo},
	year={2015},
	publisher={Instituto Tecnol{\'o}gico de Costa Rica}
}
@inproceedings{do2005visualizacao,
	title={Visualiza{\c{c}}{\~a}o de Informa{\c{c}}{\~o}es--uma abordagem pr{\'a}tica},
	author={Do Nascimento, Hugo AD and Ferreira, Cristiane BR},
	booktitle={XXV Congresso da Sociedade Brasileira de Computa{\c{c}}{\~a}o, XXIV JAI. UNISINOS, S. Leopoldo--RS},
	year={2005}
}

@inproceedings{perin2013interactive,
	title={Interactive horizon graphs: Improving the compact visualization of multiple time series},
	author={Perin, Charles and Vernier, Fr{\'e}d{\'e}ric and Fekete, Jean-Daniel},
	booktitle={Proceedings of the SIGCHI Conference on Human Factors in Computing Systems},
	pages={3217--3226},
	year={2013},
	organization={ACM}
}

@inproceedings{saito2005two,
	title={Two-tone pseudo coloring: Compact visualization for one-dimensional data},
	author={Saito, Takafumi and Miyamura, Hiroko Nakamura and Yamamoto, Mitsuyoshi and Saito, Hiroki and Hoshiya, Yuka and Kaseda, Takumi},
	booktitle={Information Visualization, 2005. INFOVIS 2005. IEEE Symposium on},
	pages={173--180},
	year={2005},
	organization={IEEE}
}

@inproceedings{bederson2000fisheye,
	title={Fisheye menus},
	author={Bederson, Benjamin B},
	booktitle={Proceedings of the 13th annual ACM symposium on User interface software and technology},
	pages={217--225},
	year={2000},
	organization={ACM}
}

@inproceedings{mackinlay1991perspective,
	title={The perspective wall: Detail and context smoothly integrated},
	author={Mackinlay, Jock D and Robertson, George G and Card, Stuart K},
	booktitle={Proceedings of the SIGCHI conference on Human factors in computing systems},
	pages={173--176},
	year={1991},
	organization={ACM}
}

@inproceedings{rao1994table,
	title={The table lens: merging graphical and symbolic representations in an interactive focus+ context visualization for tabular information},
	author={Rao, Ramana and Card, Stuart K},
	booktitle={Proceedings of the SIGCHI conference on Human factors in computing systems},
	pages={318--322},
	year={1994},
	organization={ACM}
}

@inproceedings{rao1995exploring,
	title={Exploring large tables with the table lens},
	author={Rao, Ramana and Card, Stuart K},
	booktitle={Conference companion on Human factors in computing systems},
	pages={403--404},
	year={1995},
	organization={ACM}
}

@article{kosara2003interaction,
	title={An interaction view on information visualization},
	author={Kosara, Robert and Hauser, Helwig and Gresh, Donna L},
	journal={State-of-the-Art Report. Proceedings of EUROGRAPHICS},
	pages={123--137},
	year={2003}
}

@article{crepani2004intensidade,
	title={Intensidade pluviom{\'e}trica: uma maneira de tratar dados pluviom{\'e}tricos para an{\'a}lise da vulnerabilidade de paisagens {\`a} perda de solo},
	author={Crepani, Edison and Medeiros, JS de and Palmeira, Alessandro Ferraz},
	journal={S{\~a}o Jos{\'e} dos Campos: INPE},
	year={2004}
}
@article{oliveira2009importancia,
	title={A import{\^a}ncia dos dados das vari{\'a}veis clim{\'a}ticas nas pesquisas em geografia: um estudo de caso empregando a precipita{\c{c}}{\~a}o pluviom{\'e}trica},
	author={Oliveira, Aristeu Geovani and Assun{\c{c}}{\~a}o, Washington Luiz},
	journal={Caminhos de Geografia},
	volume={10},
	number={31},
	year={2009}
}

@article{assad1998sistema,
	title={Sistema de informa{\c{c}}{\~o}es geogr{\'a}ficas: aplica{\c{c}}{\~o}es na agricultura},
	author={Assad, Eduardo Delgado and Sano, Edson Eyji},
	year={1998},
	publisher={EMBRAPA-CPAC}
}

@article{chmielewski2014device,
	title={Device-independent architecture for ubiquitous applications},
	author={Chmielewski, Jacek},
	journal={Personal and Ubiquitous Computing},
	volume={18},
	number={2},
	pages={481--488},
	year={2014},
	publisher={Springer}
}

@article{weiser1991computer,
	title={The Computer for the 21 st Century},
	author={Weiser, Mark},
	journal={Scientific american},
	volume={265},
	number={3},
	pages={94--105},
	year={1991},
	publisher={JSTOR}
}

@online{cisco,
	author = {Cisco},
	title = {Cisco Visual Networking Index: Global Mobile Data Traffic Forecast Update, 2016–2021 White Paper},
	year = 2017,
	url = {https://www.cisco.com/c/en/us/solutions/collateral/service-provider/visual-networking-index-vni/mobile-white-paper-c11-520862.html, acessado em 15 de Agosto de 2017},
	urldate = {2017-08-15},
	urlaccessdate = {2017-08-15}
}

@book{coulouris2013sistemas,
	title={Sistemas Distribu{\'\i}dos-: Conceitos e Projeto},
	author={Coulouris, George and Dollimore, Jean and Kindberg, Tim and Blair, Gordon},
	year={2013},
	publisher={Bookman Editora}
}

@article{berners1991original,
	title={The Original HTTP as defined in 1991},
	author={Berners-Lee, Tim},
	journal={World Wide Web Consortium (W3C)},
	year={1991}
}

@article{gantz2012digital,
	title={The digital universe in 2020: Big data, bigger digital shadows, and biggest growth in the far east},
	author={Gantz, John and Reinsel, David},
	journal={IDC iView: IDC Analyze the future},
	volume={2007},
	number={2012},
	pages={1--16},
	year={2012}
}

@inproceedings{lamping1995focus,
	title={A focus+ context technique based on hyperbolic geometry for visualizing large hierarchies},
	author={Lamping, John and Rao, Ramana and Pirolli, Peter},
	booktitle={Proceedings of the SIGCHI conference on Human factors in computing systems},
	pages={401--408},
	year={1995},
	organization={ACM Press/Addison-Wesley Publishing Co.}
}

@book{card1999readings,
	title={Readings in information visualization: using vision to think},
	author={Card, Stuart K and Mackinlay, Jock D and Shneiderman, Ben},
	year={1999},
	publisher={Morgan Kaufmann}
}

@article{pirolli,

	author = {Pirolli, Peter and Rao, Ramana},

	year = {2000},

	month = {11},

	pages = {},

	title = {Table Lens as a Tool for Making Sense of Data}

}